<record><leader>00000cas a2200000 a 4500</leader><controlfield tag="001">62191214</controlfield><controlfield tag="007">hd afu---baca</controlfield><controlfield tag="008">051031d19761984mauer nea     0   a0eng c</controlfield><datafield ind1=" " ind2=" " tag="010"><subfield code="a">  2005225465</subfield></datafield><datafield ind1=" " ind2=" " tag="040"><subfield code="a">CRL</subfield><subfield code="b">eng</subfield><subfield code="c">CRL</subfield><subfield code="d">OCLCQ</subfield><subfield code="d">OCLCF</subfield><subfield code="d">OCLCO</subfield><subfield code="d">OCLCQ</subfield></datafield><datafield ind1=" " ind2=" " tag="042"><subfield code="a">pcc</subfield></datafield><datafield ind1=" " ind2=" " tag="043"><subfield code="a">n-us-ma</subfield></datafield><datafield ind1=" " ind2="4" tag="050"><subfield code="a">HQ1438.M4</subfield></datafield><datafield ind1="0" ind2=" " tag="130"><subfield code="a">Equal times (Boston, Mass.)</subfield></datafield><datafield ind1="1" ind2="0" tag="245"><subfield code="a">Equal times.</subfield></datafield><datafield ind1=" " ind2=" " tag="260"><subfield code="a">Boston, MA. :</subfield><subfield code="b">Eunice West</subfield></datafield><datafield ind1=" " ind2=" " tag="300"><subfield code="a">volumes</subfield></datafield><datafield ind1=" " ind2=" " tag="310"><subfield code="a">Biweekly,</subfield><subfield code="b">&lt;Oct. 8/21, 1979&gt;-1984</subfield></datafield><datafield ind1=" " ind2=" " tag="321"><subfield code="a">Weekly,</subfield><subfield code="b">1976-&lt;&gt;</subfield></datafield><datafield ind1=" " ind2=" " tag="336"><subfield code="a">text</subfield><subfield code="b">txt</subfield><subfield code="2">rdacontent</subfield></datafield><datafield ind1=" " ind2=" " tag="337"><subfield code="a">microform</subfield><subfield code="b">h</subfield><subfield code="2">rdamedia</subfield></datafield><datafield ind1=" " ind2=" " tag="338"><subfield code="a">microfilm reel</subfield><subfield code="b">hd</subfield><subfield code="2">rdacarrier</subfield></datafield><datafield ind1="0" ind2=" " tag="362"><subfield code="a">Sept. 5, 1976-v. 9, no. 178 (Mar. 1984).</subfield></datafield><datafield ind1=" " ind2=" " tag="500"><subfield code="a">"Boston's newsweekly for women."</subfield></datafield><datafield ind1=" " ind2=" " tag="515"><subfield code="a">Sept. 5, 1976 is a sampler issue and lacks numbering.</subfield></datafield><datafield ind1=" " ind2=" " tag="533"><subfield code="a">Microfilm.</subfield><subfield code="m">v.5:no. 89, 94 (1980)</subfield><subfield code="b">Woodbridge, CT :</subfield><subfield code="c">Primary Source Microfilm,</subfield><subfield code="d">2003.</subfield><subfield code="e">on 1 microfilm reel with other items ; 35 mm.</subfield><subfield code="f">(Atlanta Lesbian Feminist Alliance archives, ca. 1972-1994 ; reel 93).</subfield></datafield><datafield ind1=" " ind2="0" tag="650"><subfield code="a">Feminism</subfield><subfield code="z">Massachusetts</subfield><subfield code="v">Newspapers.</subfield></datafield><datafield ind1=" " ind2="0" tag="650"><subfield code="a">Women</subfield><subfield code="z">Massachusetts</subfield><subfield code="z">Boston</subfield><subfield code="v">Newspapers.</subfield></datafield><datafield ind1=" " ind2="0" tag="651"><subfield code="a">Boston (Mass.)</subfield><subfield code="v">Newspapers.</subfield></datafield><datafield ind1=" " ind2="7" tag="650"><subfield code="a">Feminism.</subfield><subfield code="2">fast</subfield><subfield code="0">(OCoLC)fst00922671</subfield></datafield><datafield ind1=" " ind2="7" tag="650"><subfield code="a">Women.</subfield><subfield code="2">fast</subfield><subfield code="0">(OCoLC)fst01176568</subfield></datafield><datafield ind1=" " ind2="7" tag="651"><subfield code="a">Massachusetts.</subfield><subfield code="2">fast</subfield><subfield code="0">(OCoLC)fst01204307</subfield></datafield><datafield ind1=" " ind2="7" tag="651"><subfield code="a">Massachusetts</subfield><subfield code="z">Boston.</subfield><subfield code="2">fast</subfield><subfield code="0">(OCoLC)fst01205012</subfield></datafield><datafield ind1=" " ind2="7" tag="655"><subfield code="a">Newspapers.</subfield><subfield code="2">fast</subfield><subfield code="0">(OCoLC)fst01423814</subfield></datafield><datafield ind1=" " ind2=" " tag="752"><subfield code="a">United States</subfield><subfield code="b">Massachusetts</subfield><subfield code="c">Suffolk</subfield><subfield code="d">Boston.</subfield></datafield><datafield ind1="1" ind2=" " tag="776"><subfield code="c">Original</subfield><subfield code="w">(DLC)sn 95063038</subfield><subfield code="w">(OCoLC)15158516</subfield></datafield><datafield ind1=" " ind2="0" tag="830"><subfield code="a">Atlanta Lesbian Feminist Alliance archives, ca. 1972-1994 ;</subfield><subfield code="v">reel 93.</subfield></datafield></record>